@Article{LW17,
	  author      = {Jeffrey Larson and Stefan M. Wild},
	    title       = {Asynchronously Parallel Optimization Solver for Finding Multiple Minima},
	      journal     = {Mathematical Programming Computation},
	        note        = {To appear},
		  anumber     = {ANL/MCS-P5575-0316},
		    year        = {2017},
		      url         = {http://www.mcs.anl.gov/papers/P5575-0316.pdf},
}

