@article{Hudson2022,
  author  = {Hudson, Stephen and Larson, Jeffrey and Navarro, John-Luke and Wild, Stefan M.},
  title   = {{libEnsemble: A} Library to Coordinate the Concurrent Evaluation of Dynamic Ensembles of Calculations},
  journal = {IEEE Transactions on Parallel and Distributed Systems},
  volume       = {33},
  number       = {4},
  pages        = {977--988},
  year    = {2022},
  doi = {10.1109/TPDS.2021.3082815},
  anumber = {ANL/MCS-P9447-0221},
}

@TechReport{libensemble-man,
  author      = {Stephen Hudson and Jeffrey Larson and Stefan M. Wild and David Bindel and John-Luke Navarro},
  title       = {{libEnsemble} User Manual, Version 0.10.0},
  institution = {Argonne National Laboratory},
  type        = {Tech report},
  anumber     = {ANL/MCS-TM-XXX},
  year        = {2023},
  url         = {https://libensemble.readthedocs.io},
}

@article{Aoki2022,
  doi = {10.1007/s11081-020-09571-2},
  year = {2022},
  volume = {23},
  number = {1},
  pages = {169--199},
  author = {Yasunori Aoki and Ken Hayami and Kota Toshimoto and Yuichi Sugiyama},
  title = {Cluster {Gauss--Newton} Method},
  journal = {Optimization and Engineering}
}

@article{Liu2022layer,
  title={Layer {VQE}: A variational approach for combinatorial optimization on noisy quantum computers},
  author={Liu, Xiaoyuan and Angone, Anthony and Shaydulin, Ruslan and Safro, Ilya and Alexeev, Yuri and Cincio, Lukasz},
  journal={IEEE Transactions on Quantum Engineering},
  volume={3},
  pages={1--20},
  year={2022},
  doi={10.1109/TQE.2021.3140190}
}

@article{Neveu2023,
  doi = {10.1016/j.cpc.2022.108566},
  year = {2023},
  volume = {283},
  pages = {108566},
  author = {Nicole Neveu and Tyler H. Chang and Paris Franz and Stephen Hudson and Jeffrey Larson},
  title = {Comparison of multiobjective optimization methods for the {LCLS}-{II} photoinjector},
  journal = {Computer Physics Communications}
}

@Article{MCMPSW2022,
  author      = {Moses Y-H. Chan and Matthew Plumlee and Stefan M. Wild},
  title       = {Constructing a Simulation Surrogate with Partially Observed Output},
  journal = {Technometrics},
  year        = {2023},
  doi = {10.1080/00401706.2023.2210170},
  note = {To appear},
}

@Article{Surer2023,
  author = {S\"urer, \"Ozge and Plumlee, Matthew and Wild, Stefan M.},
  title = {Sequential {Bayesian} Experimental Design for Calibration of Expensive Simulation Models},
  journal = {Technometrics},
  year = {2023},
  note = {To appear},
  doi = {10.1080/00401706.2023.2246157}
}

@techreport{ParMOODesign23,
  url = {https://arxiv.org/abs/2304.06881},
  author = {Tyler H. Chang and Stefan M. Wild},
  title = {Designing a Framework for Solving Multiobjective Simulation Optimization Problems},
  institution = {arXiv},
  year = {2023},
  number = {2304.06881}
}

