@article{Hudson2022,
  author  = {Hudson, Stephen and Larson, Jeffrey and Navarro, John-Luke and Wild, Stefan M.},
  title   = {{libEnsemble: A} Library to Coordinate the Concurrent Evaluation of Dynamic Ensembles of Calculations},
  journal = {IEEE Transactions on Parallel and Distributed Systems},
  volume = {33},
  number = {4},
  pages = {977--988},
  year = {2022},
  doi = {10.1109/TPDS.2021.3082815},
}

@PHDTHESIS{condor2004,
  author={{Vanden Berghen}, Frank},
  title = {{CONDOR: A} constrained, non-linear, derivative-free parallel
    optimizer for continuous, high computing load, noisy objective functions},
  school = {Universit{\'e} Libre de Bruxelles},
  year = {2004},
  type = {{Ph.D.}~Thesis},
  url = {http://www.applied-mathematics.net/optimization/thesis\_optimization.pdf}
}


@PHDTHESIS{olsson2014,
  author = {Per-Magnus Olsson},
  title = {Methods for Network Optimization
  and Parallel Derivative-free
  Optimization},
  school = {Link\"{o}ping University},
  year = {2014},
  type = {{Ph.D.}~Thesis},
  url = {http://liu.diva-portal.org/smash/get/diva2:695431/FULLTEXT02.pdf}
}

@TECHREPORT{dakota2013,
  author = {Brian M. Adams and Lara E. Bauman and William J. Bohnhoff and Keith R.
    Dalbey and John P. Eddy and Mohamed S. Ebeida and Michael S. Eldred and Patricia D.
      Hough and Kenneth T. Hu and John D. Jakeman and Laura P.  Swiler and Dena M. Vigil},
  title = {{DAKOTA, A} Multilevel Parallel Object-Oriented Framework for
  Design Optimization, Parameter Estimation, Uncertainty
  Quantification, and Sensitivity Analysis},
  institution = {Sandia National Laboratories},
  year = {2013},
  type = {Version 5.3.1 Developers Manual},
  url = {https://dakota.sandia.gov/sites/default/files/docs/5.3.1/Developers-5.3.1.pdf}
}

@article{garcia2013sequential,
  title={On sequential and parallel non-monotone derivative-free algorithms
    for box constrained optimization},
  author={Garc{\'\i}a-Palomares, Ubaldo M and Garc{\'\i}a-Urrea, Ildemaro J
    and Rodr{\'\i}guez-Hern{\'a}ndez, Pedro S},
  journal={Optimization Methods and Software},
  volume={28},
  number={6},
  pages={1233--1261},
  year={2013},
  publisher={Taylor \& Francis}
}

@article{gray2007algorithm,
  title={Algorithm 856: {APPSPACK} 4.0: Asynchronous parallel pattern search for
    derivative-free optimization},
  author={Gray, Genetha A and Kolda, Tamara G},
  journal={ACM Transactions on Mathematical Software},
  volume={32},
  number={3},
  pages={485--507},
  year={2006},
  publisher={ACM},
  doi  = {10.1145/1163641.1163647},
}

@article{garcia2002,
  title={New sequential and parallel derivative-free algorithms for
    unconstrained minimization},
  author={Garc{\'\i}a-Palomares, Ubaldo M and Rodr{\'\i}guez, Jos{\'e} F},
  journal={SIAM Journal on Optimization},
  volume={13},
  number={1},
  pages={79--96},
  year={2002},
  publisher={SIAM},
  doi = {10.1137/S1052623400370606}
}

@techreport{LarsonWild2014,
  author = {Larson, Jeffrey and Wild, Stefan},
  Institution = {Argonne National Laboratory, Mathematics and Computer Science Division},
  Type = {Preprint},
  Month = {November},
  Number = {ANL/MCS-P5228-1114},
  title = {A Batch, Derivative-free Algorithm for Finding Multiple Local Minima},
  Year = {2014},
  url = {http://www.mcs.anl.gov/publication/batch-derivative-free-algorithm-finding-multiple-local-minima},
}

@article{LarsonWild2016,
  author = {Jeffrey Larson and Stefan M. Wild},
  title = {A Batch, Derivative-Free Algorithm for Finding Multiple Local Minima},
  journal = {Optimization and Engineering},
  volume = {17},
  number = {1},
  year = {2016},
  pages = {205--228},
  mnote = {ANL/MCS-P5228-1114},
  doi = {10.1007/s11081-015-9289-7},
}

@incollection{Marti2010,
  year = {2010},
  booktitle = {Handbook of Metaheuristics},
  volume = {146},
  series = {International Series in Operations Research \& Management Science},
  editor = {Gendreau, Michel and Potvin, Jean-Yves},
  doi = {10.1007/978-1-4419-1665-5\_9},
  title = {Advanced Multi-start Methods},
  publisher = {Springer US},
  author = {Mart\'{\i}, R and Moreno-Vega, JM and Duarte, A},
  pages = {265--281},
  language = {English}
}

@article{He2007,
author = {He, Jian and Verstak, Alex and Watson, Layne T. and Sosonkina, Masha},
doi = {10.1007/s10589-007-9092-2},
file = {:home/jlarson/research/articles/art\%3A10.1007\%2Fs10589-007-9092-2.pdf:pdf},
journal = {Computational Optimization and Applications},
keywords = {data structures,direct,global search,load balancing,task},
month = oct,
number = {2},
pages = {217--245},
title = {Design and implementation of a massively parallel version of {DIRECT}},
volume = {40},
year = {2007}
}

@article{Huyer1999a,
author = {Huyer, Waltraud and Neumaier, Arnold},
file = {:home/jlarson/research/articles/Huyer, Neumaier - 1999 - Global optimization by multilevel coordinate search.pdf:pdf},
journal = {Journal of Global Optimization},
keywords = {bound constraints,coordinate,global optimization,local optimization},
number = {1995},
pages = {1--28},
publisher = {Springer},
title = {Global optimization by multilevel coordinate search},
 doi = {10.1023/A:1008382309369},
volume = {14},
year = {1999}
}

@article{Csendes2007,
author = {Csendes, Tibor and P\'{a}l, L\'{a}szl\'{o} and Send\'{\i}n, J. Oscar H. and Banga, Julio R.},
doi = {10.1007/s11590-007-0072-3},
file = {:home/jlarson/research/articles/art\%3A10.1007\%2Fs11590-007-0072-3.pdf:pdf},
journal = {Optimization Letters},
keywords = {clustering,direct methods,global optimization,numerical tests},
month = nov,
number = {4},
pages = {445--454},
title = {The {GLOBAL} optimization method revisited},
volume = {2},
year = {2007}
}

@article{He2009a,
author = {He, Jian and Verstak, A. and Watson, L.T. and Sosonkina, M.},
doi = {10.1177/1094342008098462},
file = {:home/jlarson/research/articles/International Journal of High Performance Computing Applications-2009-Jian He-14-28.pdf:pdf},
journal = {International Journal of High Performance Computing Applications},
month = feb,
number = {1},
pages = {14--28},
title = {Performance Modeling and Analysis of a Massively Parallel {DIRECT--P}art 1},
volume = {23},
year = {2009}
}

@article{He2009b,
author = {He, Jian and Verstak, A. and Sosonkina, M. and Watson, L.T.},
doi = {10.1177/1094342008098463},
file = {:home/jlarson/research/articles/International Journal of High Performance Computing Applications-2009-Jian He-29-41.pdf:pdf},
journal = {International Journal of High Performance Computing Applications},
month = feb,
number = {1},
pages = {29--41},
title = {Performance Modeling and Analysis of a Massively Parallel {DIRECT--P}art 2},
volume = {23},
year = {2009}
}

@article{Wild2008a,
author = {Wild, Stefan M. and Regis, Rommel G. and Shoemaker, Christine A.},
doi = {10.1137/070691814},
file = {:home/jlarson/research/articles/070691814.pdf:pdf},
journal = {SIAM Journal on Scientific Computing},
keywords = {derivative-free optimization,nonlinear,radial basis functions,trust-region methods},
month = jan,
number = {6},
pages = {3197--3219},
title = {{ORBIT: Optimization} by Radial Basis Function Interpolation in Trust-Regions},
volume = {30},
year = {2008}
}

@article{Jones1993,
author = {Jones, D. R. and Perttunen, C. D. and Stuckman, B. E.},
doi = {10.1007/BF00941892},
file = {:home/jlarson/research/articles/Jones, Perttunen, Stuckman - 1993 - Lipschitzian optimization without the Lipschitz constant.pdf:pdf},
journal = {Journal of Optimization Theory and Applications},
keywords = {global optimization,lipschitzian optimization,space,space partitioning},
month = oct,
number = {1},
pages = {157--181},
title = {Lipschitzian optimization without the {Lipschitz} constant},
volume = {79},
year = {1993}
}

@TECHREPORT{Powell2009,
  author = {M. J. D. Powell},
  title = {The {BOBYQA} algorithm for bound constrained optimization without derivatives},
  institution = {Department of Applied Mathematics and Theoretical Physics, University of Cambridge},
  year = {2009},
  type = {Technical report},
  number = {DAMTP 2009/NA06},
  month = {aug},
}

@techreport{Adelmann2014,
  author = {Adelmann, Andreas and Gsell, Achim and Kaman, Tulin and (PSI), Christof Kraus and (IBM), Yves Ineichen and (LANL), Steve Russell and Bi, Yuanjie and Wang, Chuan and (CIAE), Jianjun Yang and {(Thinghua University)}, Hao Zha and Sheehy, Suzanne and (RAL), Chris Rogers and (Cornell), Christopher Mayes},
  institution = {Paul Scherrer Institut},
  title = {The OPAL (Object Oriented Parallel Accelerator Library) Framework},
  url = {http://amas.web.psi.ch/docs/opal/opal\_user\_guide.pdf}
}

@article{Amundson,
  author = {Amundson, James and Lu, Qiming and Stern, Eric},
  journal = {dlr.de},
  title = {Synergia: Driving Massively Parallel Particle Accelerator Simulations with Python},
  url = {http://www.dlr.de/sc/en/Portaldata/15/Resources/dokumente/PyHPC2013/submissions/pyhpc2013\_submission\_12.pdf}
}

@article{Boender1982,
  author = {Boender, C. G. E. and {Rinnooy Kan}, A. H. G. and Timmer, G. T. and Stougie, L.},
  doi = {10.1007/BF01581033},
  journal = {Mathematical Programming},
  keywords = {clustering,confidence interval,global optimization,stochastic methods},
  month = dec,
  number = {1},
  pages = {125--140},
  title = {A stochastic method for global optimization},
  volume = {22},
  year = {1982}
}

@article{Wang,
  author = {Wang, Yusong and Borland, Michael and Soliday, Robert},
  journal = {aps.anl.gov},
  pages = {1--7},
  title = {User's Manual for latest Pelegant},
  url = {http://www.aps.anl.gov/Accelerator\_Systems\_Division/Accelerator\_Operations\_Physics/publish/Pelegant\_manual/Pelegant.pdf}
}

@article{RinnooyKan1987,
  author = {{Rinnooy Kan}, A. H. G. and Timmer, G. T.},
  doi = {10.1007/BF02592070},
  journal = {Mathematical Programming},
  keywords = {clustering,global optimization,sampling methods},
  month = sep,
  number = {1},
  pages = {27--56},
  title = {Stochastic global optimization methods, part {I: Clustering} methods},
  volume = {39},
  year = {1987}
}

@article{RinnooyKan1987a,
  author = {{Rinnooy Kan}, A. H. G. and Timmer, G. T.},
  doi = {10.1007/BF02592071},
  journal = {Mathematical Programming},
  keywords = {computational experiments,global optimisation},
  month = sep,
  number = {1},
  pages = {57--78},
  title = {Stochastic global optimization methods, part {II: Multi} level methods},
  volume = {39},
  year = {1987}
}

@article{Amundson2006,
  author = {Amundson, J. and Spentzouris, P. and Qiang, J. and Ryne, R.},
  doi = {10.1016/j.jcp.2005.05.024},
  journal = {Journal of Computational Physics},
  keywords = {accelerator physics,framework,halo,parallel computing,space charge},
  month = jan,
  number = {1},
  pages = {229--248},
  title = {Synergia: An accelerator modeling tool with 3-D space charge},
  volume = {211},
  year = {2006}
}

@misc{Lusk,
  author = {Lusk, Ewing L. and Pieper, Steven C. and Butler, Ralph M.},
  title = {ADLB4 User's Guide},
  url = {https://www.cs.mtsu.edu/~rbutler/adlb/ADLB4.doc}
}

@article{Gaviano2003,
author = {Gaviano, Marco and Kvasov, Dmitri E. and Lera, Daniela and Sergeyev, Yaroslav D.},
doi = {10.1145/962437.962444},
file = {:home/jlarson/research/articles/p469-gaviano.pdf:pdf},
journal = {ACM Transactions on Mathematical Software},
month = dec,
number = {4},
pages = {469--480},
title = {Algorithm 829: {Software} for Generation of Classes of Test Functions with Known Local and Global Minima for Global Optimization},
volume = {29},
year = {2003}
}

@article{hansen2004reducing,
  title={Reducing the time complexity of the derandomized evolution strategy
    with covariance matrix adaptation ({CMA-ES})},
  author={Hansen, Nikolaus and M{\"u}ller, Sibylle D and Koumoutsakos,
    Petros},
  journal={Evolutionary Computation},
  volume={11},
  number={1},
  pages={1--18},
  year={2003},
  publisher={MIT Press},
  doi = {10.1162/106365603321828970}
}

@misc{pswarm,
  author = {A. Ismael F. Vaz},
  title = {{PS}warm},
  url = {http://www.norg.uminho.pt/aivaz/pswarm/},
  urldate = {Oct.~9, 2015}
}

@misc{cmaesmatlab,
  author = {Nikolaus Hansen},
  title = {{CMA-ES}},
  url = {https://www.lri.fr/~hansen/cmaes_inmatlab.html#matlab},
  urldate = {Oct.~9, 2015}
}

@article{vaz2007particle,
  title={A particle swarm pattern search method for bound constrained global
    optimization},
  author={Vaz, A Ismael F and Vicente, Lu{\'\i}s N},
  journal={Journal of Global Optimization},
  volume={39},
  number={2},
  pages={197--219},
  year={2007},
  publisher={Springer},
  doi = {10.1007/s10898-007-9133-5},
}

@misc{Finkel,
author = {Finkel, Dan},
title = {{DIRECT}},
url = {http://www4.ncsu.edu/$\sim$ctk/Finkel\_Direct/Direct.m},
urldate = {Oct. 22, 2014}
}

@article{Custodio2011b,
author = {Cust\'{o}dio, A. L. and Madeira, J. F. A.},
doi = {10.1007/s10898-014-0224-9},
file = {:home/jlarson/research/articles/art\%3A10.1007\%2Fs10898-014-0224-9.pdf:pdf;:home/jlarson/research/articles/Cust\'{o}dio, Madeira - 2011 - GLODS Global and Local Optimization using Direct Search.pdf:pdf},
journal = {Journal of Global Optimization},
pages = {1--28},
volume = {62},
number = {1},
title = {{GLODS: Global} and Local Optimization using Direct Search},
year = {2015}
}

@article{He2009,
author = {He, Jian and Watson, Layne T. and Sosonkina, Masha},
doi = {10.1145/1527286.1527291},
file = {:home/jlarson/research/articles/He, Watson, Sosonkina - 2009 - Algorithm 897.pdf:pdf},
journal = {ACM Transactions on Mathematical Software},
month = jul,
number = {3},
pages = {1--24},
title = {Algorithm 897: {VTDIRECT95: Serial} and parallel codes for the global optimization algorithm {DIRECT}},
volume = {36},
year = {2009}
}

@article{Amundson2009,
  author = {Amundson, J F and Macridin, A and Spentzouris, P and Stern, E G},
  doi = {10.1088/1742-6596/180/1/012002},
  journal = {Journal of Physics: Conference Series},
  month = jul,
  pages = {012002},
  title = {Advanced computations of multi-physics, multi-scale effects in beam dynamics},
  volume = {180},
  year = {2009}
}

@phdthesis{Wild2009,
  author = {Wild, S. M.},
  number = {January},
  school = {Cornell University},
  title = {Derivative-free optimization algorithms for computationally expensive functions},
  type = {Ph.{D}.~Thesis},
  url = {http://ecommons.cornell.edu/handle/1813/11248},
  year = {2009}
}

@article{Ineichen2013,
  archivePrefix = {arXiv},
  arxivId = {arXiv:1302.2889v1},
  author = {Ineichen, Y and Adelmann, A and Kolano, A and Bekas, C and Curioni, A},
  eprint = {arXiv:1302.2889v1},
  journal = {arXiv:1302.2889},
  keywords = {1,aspects of science and,beam dynamics,biosciences,chemistry,depend on reliable and,fields,high performance computing,introduction,multi-objective optimization,nuclear physics and medicine,particle accelerators play a,particle physics,significant role in many,such as material science,technology,the},
  pages = {1--20},
  title = {A Parallel General Purpose Multi-Objective Optimization Framework, with Application to Beam Dynamics},
  url = {http://arxiv.org/abs/1302.2889},
  year = {2013}
}

@techreport{Plantenga2009a,
  author = {Plantenga, Todd D.},
  institution = {Sandia National Laboratories, Albuquerque, NM and Livermore, CA},
  month = oct,
  number = {October},
  title = {{HOPSPACK} 3.0 User Manual},
  year = {2009}
}

@article{Rudnaya2011,
author = {Rudnaya, M E and {Van den Broek}, W and Doornbos, R M P and Mattheij, R M M and Maubach, J M L},
doi = {10.1016/j.ultramic.2011.01.034},
file = {:home/jlarson/research/articles/Rudnaya et al. - 2011 - Defocus and twofold astigmatism correction in HAADF-STEM.pdf:pdf},
journal = {Ultramicroscopy},
keywords = {Astigmatism,Autofocus,Automatic focusing,Derivative-free optimization,HAADF-STEM,Nelder–Mead simplex method,Scanning transmission electron microscopy,Variance},
month = jul,
number = {8},
pages = {1043--54},
publisher = {Elsevier},
title = {Defocus and twofold astigmatism correction in {HAADF-STEM}},
volume = {111},
year = {2011}
}

@inproceedings{Rudnaya2010,
address = {Lisbon, Portugal},
author = {Rudnaya, M. E. and Kho, S. C. and Mattheij, R. M. M. and Maubach, J. M. L.},
booktitle = {Proceedings of the 2nd International Conference on Engineering Optimization},
file = {:home/jlarson/research/articles/Rudnaya et al. - 2010 - Derivative-free optimization for autofocus and astigmatism correction in electron microscopy.pdf:pdf},
keywords = {astigmatism correction,autofocus,derivative-free optimization,electron microscopy,image},
pages = {1--10},
title = {Derivative-free optimization for autofocus and astigmatism correction in electron microscopy},
url = {http://www.dem.ist.utl.pt/engopt2010/Book\_and\_CD/Papers\_CD\_Final\_Version/pdf/06/01059-01.pdf},
year = {2010}
}

@article{More2009,
author = {Mor\'{e}, Jorge J. and Wild, Stefan M.},
doi = {10.1137/080724083},
file = {:home/jlarson/research/articles/Mor\'{e}, Wild - 2009 - Benchmarking Derivative-Free Optimization Algorithms.pdf:pdf},
journal = {SIAM Journal on Optimization},
keywords = {080724083,10,1137,65k10,65y20,90c56,ams subject classifications,benchmarking,computational budget,derivative-free optimization,deterministic,doi,performance evaluation,simulations},
month = jan,
number = {1},
pages = {172--191},
title = {Benchmarking Derivative-Free Optimization Algorithms},
volume = {20},
year = {2009}
}

@article{Easterling2014a,
author = {Easterling, David R. and Watson, Layne T. and Madigan, Michael L. and Castle, Brent S. and Trosset, Michael W.},
doi = {10.1007/s10589-013-9592-1},
file = {:home/jlarson/research/articles/Easterling et al. - 2014 - Parallel deterministic and stochastic global minimization of functions with very many minima.pdf:pdf},
journal = {Computational Optimization and Applications},
keywords = {10,1007,annealing,article,authorized,biomechanics,contains supplementary material,deterministic optimization,direct,doi,electronic supplementary material the,knitro,online version of this,qnstop,quadratic optimization,s10589-013-9592-1,simulated,simulated annealing,stochastic optimization,which is available to},
number = {2},
pages = {469--492},
title = {Parallel deterministic and stochastic global minimization of functions with very many minima},
volume = {57},
year = {2014}
}

@article{Hough2001,
  author = {Patricia D. Hough and Tamara G. Kolda and Virginia J. Torczon},
  title = {Asynchronous parallel pattern search for nonlinear optimization},
  journal = {SIAM Journal on Scientific Computing},
  year = {2001},
  volume = {23},
  pages = {134--156},
  number = {1},
  doi = {10.1137/S1064827599365823},
}

@BOOK{ATAZ89,
  title = {Global optimization},
  publisher = {Springer-Verlag},
  year = {1989},
  author = {Aimo T{\"o}rn and Antanas Zilinskas},
  address = {New York},
  isbn = {0-387-50871-6},
  doi = {10.1007/3-540-50871-6},
}

@article{Gheribi20111323,
  title = "Calculating all local minima on liquidus surfaces using the {FactSage} software and databases and the {Mesh Adaptive Direct Search} algorithm ", 
  journal = "The Journal of Chemical Thermodynamics",
  volume = "43",
  number = "9",
  pages = "1323--1330",
  year = "2011",
  doi = "10.1016/j.jct.2011.03.021",
  author = "Aimen E. Gheribi and Christian Robelin and S\'ebastien {Le Digabel} and Charles Audet and Arthur D. Pelton",
}

@article{doi:10.1137/070707518,
  author = {Charles Audet and J. E. {Dennis,  Jr.} and S\'ebastien {Le Digabel}},
  title = {Parallel Space Decomposition of the Mesh Adaptive Direct Search Algorithm},
  journal = {SIAM Journal on Optimization},
  volume = {19},
  number = {3},
  pages = {1150--1170},
  year = {2008},
  doi = {10.1137/070707518}, 
}

@article{McKay1979,
  title = {A Comparison of Three Methods for Selecting Values of Input Variables in the Analysis of Output from a Computer Code},
  author = {McKay, M. D. and Beckman, R. J. and Conover, W. J.},
  journal = {Technometrics},
  volume = {21},
  number = {2},
  pages = {239--245},
  doi = {10.2307/1268522},
  abstract = {Two types of sampling plans are examined as alternatives to simple random sampling in Monte Carlo studies. These plans are shown to be improvements over simple random sampling with respect to variance for a class of estimators which includes the sample mean and the empirical distribution function.},
  year = {1979},
  publisher = {Taylor \& Francis, Ltd. on behalf of American Statistical Association and American Society for Quality},
}

@TECHREPORT{LiuzziTruemper,
  author = {Giampaolo Liuzzi and Klaus Truemper},
  title = {Parallelized hybrid optimization methods for nonsmooth problems
  using {NOMAD} and linesearch},
  institution = {University of Texas at Dallas},
  url = {http://www.utdallas.edu/~klaus/Wpapers/hybrid.pdf},
}

@inproceedings{lin2011parallel,
  title={Parallel exploitation in estimated basins of attraction: a new derivative-free optimization algorithm},
  author={Lin, Ying and Zhong, Jing-Hui and Zhang, Jun},
  booktitle={Proceedings of the 13th Annual Conference on Genetic and Evolutionary Computation},
  pages={133--138},
  year={2011},
  urlout={https://www.lri.fr/~hansen/proceedings/2011/GECCO/proceedings/p133.pdf},
  organization={ACM},
  doi ={10.1145/2001576.2001595}
}

@article{Dalcin2008,
  title = "{MPI} for {Python}: Performance improvements and {MPI-2} extensions ",
  journal = "Journal of Parallel and Distributed Computing ",
  volume = "68",
  number = "5",
  pages = "655--662",
  year = "2008",
  note = "",
  issn = "0743-7315",
  doi = "10.1016/j.jpdc.2007.09.005",
  author = "Lisandro Dalc\'{i}n and Rodrigo Paz and Mario Storti and Jorge D'El\'{i}a",
}

@Misc{petsc-web-page,
  author = {Satish Balay and Shrirang Abhyankar and Mark~F. Adams and Jed Brown and Peter Brune
      and Kris Buschelman and Lisandro Dalcin and Victor Eijkhout and William~D. Gropp
      and Dinesh Kaushik and Matthew~G. Knepley
      and Lois Curfman McInnes and Karl Rupp and Barry~F. Smith
      and Stefano Zampini and Hong Zhang},
  title =  {{PETS}c {W}eb page},
  url =    {http://www.mcs.anl.gov/petsc},
  uncommenthowpublished = {\url{http://www.mcs.anl.gov/petsc}},
  year = {2017}
}
 
@Misc{nlopt,
  author = {Steven G. Johnson},
  title =  {The {NLopt} nonlinear-optimization package},
  url =    {http://ab-initio.mit.edu/nlopt},
  uncommenthowpublished = {\url{http://ab-initio.mit.edu/nlopt}},
  year = {2017}
}

@article{Caveetal2002,
author = {Robert J. Cave and Kieron Burke and Edward W. {Castner, Jr.}},
title = {Theoretical Investigation of the Ground and Excited States of {Coumarin} 151 and {Coumarin} 120},
journal = {Journal of Physical Chemistry A},
volume = {106},
number = {40},
pages = {9294--9305},
year = {2002},
doi = {10.1021/jp026071x},
}

@book{RossProb8,
  address = {Upper Saddle River, NJ},
  author = {Ross, Sheldon M.},
  edition = {8},
  isbn = {0131218026},
  publisher = {Prentice Hall},
  title = {A First course in probability},
  year = 2009
}

@inproceedings{besserud2008architectural,
  title={Architectural Genomics, Silicon + Skin: Biological Processes and Computation},
  author={Besserud, Keith and Cotten, Joshua},
  booktitle={Proceedings of the 28th Annual Conference of the Association for Computer Aided Design in Architecture},
  pages={978--989},
  year={2008}
}
